<!DOCTYPE html>
<meta charset="utf-8" />
<!-- version 1 -->
<title>[Gen 8] Back To Square One replay: TestBoi06145 vs. Blastfury0614</title>
<style>
html,body {font-family:Verdana, sans-serif;font-size:10pt;margin:0;padding:0;}body{padding:12px 0;} .battle-log {font-family:Verdana, sans-serif;font-size:10pt;} .battle-log-inline {border:1px solid #AAAAAA;background:#EEF2F5;color:black;max-width:640px;margin:0 auto 80px;padding-bottom:5px;} .battle-log .inner {padding:4px 8px 0px 8px;} .battle-log .inner-preempt {padding:0 8px 4px 8px;} .battle-log .inner-after {margin-top:0.5em;} .battle-log h2 {margin:0.5em -8px;padding:4px 8px;border:1px solid #AAAAAA;background:#E0E7EA;border-left:0;border-right:0;font-family:Verdana, sans-serif;font-size:13pt;} .battle-log .chat {vertical-align:middle;padding:3px 0 3px 0;font-size:8pt;} .battle-log .chat strong {color:#40576A;} .battle-log .chat em {padding:1px 4px 1px 3px;color:#000000;font-style:normal;} .chat.mine {background:rgba(0,0,0,0.05);margin-left:-8px;margin-right:-8px;padding-left:8px;padding-right:8px;} .spoiler {color:#BBBBBB;background:#BBBBBB;padding:0px 3px;} .spoiler:hover, .spoiler:active, .spoiler-shown {color:#000000;background:#E2E2E2;padding:0px 3px;} .spoiler a {color:#BBBBBB;} .spoiler:hover a, .spoiler:active a, .spoiler-shown a {color:#2288CC;} .chat code, .chat .spoiler:hover code, .chat .spoiler:active code, .chat .spoiler-shown code {border:1px solid #C0C0C0;background:#EEEEEE;color:black;padding:0 2px;} .chat .spoiler code {border:1px solid #CCCCCC;background:#CCCCCC;color:#CCCCCC;} .battle-log .rated {padding:3px 4px;} .battle-log .rated strong {color:white;background:#89A;padding:1px 4px;border-radius:4px;} .spacer {margin-top:0.5em;} .message-announce {background:#6688AA;color:white;padding:1px 4px 2px;} .message-announce a, .broadcast-green a, .broadcast-blue a, .broadcast-red a {color:#DDEEFF;} .broadcast-green {background-color:#559955;color:white;padding:2px 4px;} .broadcast-blue {background-color:#6688AA;color:white;padding:2px 4px;} .infobox {border:1px solid #6688AA;padding:2px 4px;} .infobox-limited {max-height:200px;overflow:auto;overflow-x:hidden;} .broadcast-red {background-color:#AA5544;color:white;padding:2px 4px;} .message-learn-canlearn {font-weight:bold;color:#228822;text-decoration:underline;} .message-learn-cannotlearn {font-weight:bold;color:#CC2222;text-decoration:underline;} .message-effect-weak {font-weight:bold;color:#CC2222;} .message-effect-resist {font-weight:bold;color:#6688AA;} .message-effect-immune {font-weight:bold;color:#666666;} .message-learn-list {margin-top:0;margin-bottom:0;} .message-throttle-notice, .message-error {color:#992222;} .message-overflow, .chat small.message-overflow {font-size:0pt;} .message-overflow::before {font-size:9pt;content:'...';} .subtle {color:#3A4A66;}
</style>
<div class="wrapper replay-wrapper" style="max-width:1180px;margin:0 auto">
<input type="hidden" name="replayid" value="unregisteredserver-gen8backtosquareone-58" />
<div class="battle"></div><div class="battle-log"></div><div class="replay-controls"></div><div class="replay-controls-2"></div>
<h1 style="font-weight:normal;text-align:center"><strong>[Gen 8] Back To Square One</strong><br /><a href="http://pokemonshowdown.com/users/testboi06145" class="subtle" target="_blank">TestBoi06145</a> vs. <a href="http://pokemonshowdown.com/users/blastfury0614" class="subtle" target="_blank">Blastfury0614</a></h1>
<script type="text/plain" class="battle-log-data">|j|☆TestBoi06145
|j|☆Blastfury0614

|t:|1686532214
|player|p1|TestBoi06145|blue|
|player|p2|Blastfury0614|ash-kalos|
|teamsize|p1|6
|teamsize|p2|6
|gametype|singles
|gen|9
|tier|[Gen 8] Back To Square One
|clearpoke
|poke|p1|Scream Tail|
|poke|p1|Cinderace, F|
|poke|p1|Chansey, F|
|poke|p1|Weavile, F|
|poke|p1|Latias, F|
|poke|p1|Orthworm, F|
|poke|p2|Meowscarada, F|
|poke|p2|Cloyster, M|
|poke|p2|Torkoal, F|
|poke|p2|Gyarados, M|
|poke|p2|Onix, F|
|poke|p2|Flutter Mane|
|rule|HP Percentage Mod: HP is shown in percentages
|rule|Endless Battle Clause: Forcing endless battles is banned
|rule|Dynamax Clause: You cannot dynamax
|rule|Sleep Clause Mod: Limit one foe put to sleep
|rule|Freeze Clause Mod: Limit one foe frozen
|rule|Species Clause: Limit one of each Pokémon
|rule|Moody Clause: Moody is banned
|rule|Evasion Moves Clause: Evasion moves are banned
|rule|OHKO Clause: OHKO moves are banned
|teampreview
|inactive|Battle timer is ON: inactive players will automatically lose when time's up. (requested by Blastfury0614)
|inactive|Time left: 300 sec this turn | 300 sec total | 60 sec grace
|inactiveoff|Battle timer is now OFF.
|
|t:|1686532236
|start
|switch|p1a: Orthworm|Orthworm, F|100\/100
|switch|p2a: Torkoal|Torkoal, F, shiny|343\/343
|-start|p1a: Orthworm|typechange|Steel|[silent]
|-start|p2a: Torkoal|typechange|Fire|[silent]
|turn|1
|
|t:|1686532248
|move|p1a: Orthworm|Stealth Rock|p2a: Torkoal
|-sidestart|p2: Blastfury0614|move: Stealth Rock
|move|p2a: Torkoal|Rapid Spin|p1a: Orthworm
|-resisted|p1a: Orthworm
|-damage|p1a: Orthworm|99\/100
|-sideend|p2: Blastfury0614|Stealth Rock|[from] move: Rapid Spin|[of] p2a: Torkoal
|
|upkeep
|turn|2
|
|t:|1686532256
|move|p1a: Orthworm|Shed Tail|p1a: Orthworm
|-start|p1a: Orthworm|Substitute
|-damage|p1a: Orthworm|49\/100
|
|t:|1686532269
|switch|p1a: Latias|Latias, F|100\/100|[from]move: Shed Tail
|-start|p1a: Latias|typechange|Dragon\/Psychic|[silent]
|move|p2a: Torkoal|Amnesia|p2a: Torkoal
|-boost|p2a: Torkoal|spa|2
|-boost|p2a: Torkoal|spd|2
|
|upkeep
|turn|3
|
|t:|1686532283
|switch|p2a: Gyarados|Gyarados, M|330\/330
|-start|p2a: Gyarados|typechange|Water\/Flying|[silent]
|move|p1a: Latias|Defog|p2a: Gyarados
|-unboost|p2a: Gyarados|evasion|1
|
|upkeep
|turn|4
|
|t:|1686532309
|move|p1a: Latias|Dragon Claw|p2a: Gyarados
|-damage|p2a: Gyarados|173\/330
|move|p2a: Gyarados|Dragon Dance|p2a: Gyarados
|-boost|p2a: Gyarados|atk|1
|-boost|p2a: Gyarados|spe|1
|
|upkeep
|turn|5
|
|t:|1686532328
|move|p2a: Gyarados|Hidden Power|p1a: Latias
|move|p1a: Latias|Recover||[still]
|-fail|p1a: Latias
|
|upkeep
|turn|6
|
|t:|1686532342
|switch|p1a: Chansey|Chansey, F|100\/100
|-start|p1a: Chansey|typechange|Normal|[silent]
|move|p2a: Gyarados|Hidden Power|p1a: Chansey
|
|upkeep
|turn|7
|c|☆TestBoi06145|wtf
|c|☆Blastfury0614|lmaooooo
|
|t:|1686532361
|move|p2a: Gyarados|Hidden Power|p1a: Chansey
|move|p1a: Chansey|Calm Mind|p1a: Chansey
|-boost|p1a: Chansey|spa|1
|-boost|p1a: Chansey|spd|1
|
|upkeep
|turn|8
|
|t:|1686532371
|move|p2a: Gyarados|Aqua Tail|p1a: Chansey
|-damage|p1a: Chansey|0 fnt
|faint|p1a: Chansey
|-ability|p2a: Gyarados|Moxie|boost
|-boost|p2a: Gyarados|atk|1
|
|upkeep
|
|t:|1686532382
|switch|p1a: Scream Tail|Scream Tail|100\/100
|-start|p1a: Scream Tail|typechange|Fairy\/Psychic|[silent]
|turn|9
|
|t:|1686532388
|move|p2a: Gyarados|Hidden Power|p1a: Scream Tail
|move|p1a: Scream Tail|Blizzard|p2a: Gyarados
|-crit|p2a: Gyarados
|-damage|p2a: Gyarados|38\/330
|
|upkeep
|turn|10
|
|t:|1686532397
|move|p2a: Gyarados|Hidden Power|p1a: Scream Tail
|move|p1a: Scream Tail|Dazzling Gleam|p2a: Gyarados
|-damage|p2a: Gyarados|0 fnt
|faint|p2a: Gyarados
|
|upkeep
|
|t:|1686532410
|switch|p2a: Cloyster|Cloyster, M, shiny|241\/241
|-start|p2a: Cloyster|typechange|Water\/Ice|[silent]
|turn|11
|
|t:|1686532421
|-end|p1a: Scream Tail|Protosynthesis|[silent]
|switch|p1a: Weavile|Weavile, F|100\/100
|-start|p1a: Weavile|typechange|Dark\/Ice|[silent]
|-ability|p1a: Weavile|Pressure
|move|p2a: Cloyster|Hidden Power|p1a: Weavile
|
|upkeep
|turn|12
|
|t:|1686532434
|move|p1a: Weavile|Knock Off|p2a: Cloyster
|-damage|p2a: Cloyster|226\/241
|-enditem|p2a: Cloyster|White Herb|[from] move: Knock Off|[of] p1a: Weavile
|move|p2a: Cloyster|Shell Smash|p2a: Cloyster
|-unboost|p2a: Cloyster|def|1
|-unboost|p2a: Cloyster|spd|1
|-boost|p2a: Cloyster|atk|2
|-boost|p2a: Cloyster|spa|2
|-boost|p2a: Cloyster|spe|2
|
|upkeep
|turn|13
|raw|<div class="broadcast-red"><b>The server needs to restart because of a crash.<\/b><br \/>No new battles can be started until the server is done restarting.<\/div>
|inactive|Battle timer is ON: inactive players will automatically lose when time's up.
|inactive|Time left: 300 sec this turn | 300 sec total
|raw|<div class="broadcast-red"><b>Moderated chat was set to +!<\/b><br \/>Only users of rank + and higher can talk.<\/div>
|html|<div class="broadcast-red"><b>The battle crashed<\/b><br \/>Don't worry, we're working on fixing it.<\/div>
|inactive|Time left: 300 sec this turn | 300 sec total
|
|t:|1686532450
|inactive|Time left: 300 sec this turn | 300 sec total
|error|[Invalid choice] Sorry, too late to cancel; the next turn has already started
|-message|TestBoi06145 forfeited.
|
|win|Blastfury0614
|inactive|Time left: 300 sec this turn | 300 sec total
|l|☆TestBoi06145</script>
</div>
<div class="battle-log battle-log-inline"><div class="inner"><div class="battle-options"><div style="padding-top: 3px; padding-right: 3px; text-align: right"><button class="icon button" name="openBattleOptions" title="Options">Battle Options</button></div></div><div class="inner message-log"><div class="chat"><small>☆TestBoi06145 and ☆Blastfury0614 joined</small></div><div class=""><small>Format:</small> <br><strong>[Gen 8] Back To Square One</strong></div><div class=""><small><em>HP Percentage Mod:</em> HP is shown in percentages</small></div><div class=""><small><em>Endless Battle Clause:</em> Forcing endless battles is banned</small></div><div class=""><small><em>Dynamax Clause:</em> You cannot dynamax</small></div><div class=""><small><em>Sleep Clause Mod:</em> Limit one foe put to sleep</small></div><div class=""><small><em>Freeze Clause Mod:</em> Limit one foe frozen</small></div><div class=""><small><em>Species Clause:</em> Limit one of each Pokémon</small></div><div class=""><small><em>Moody Clause:</em> Moody is banned</small></div><div class=""><small><em>Evasion Moves Clause:</em> Evasion moves are banned</small></div><div class=""><small><em>OHKO Clause:</em> OHKO moves are banned</small></div><div class="chat battle-history"><strong>TestBoi06145's team:</strong> <em style="color:#445566;display:block;">Scream Tail / Cinderace / Chansey / Weavile / Latias / Orthworm</em></div><div class="chat battle-history"><strong>Blastfury0614's team:</strong> <em style="color:#445566;display:block;">Meowscarada / Cloyster / Torkoal / Gyarados / Onix / Flutter Mane</em></div><div class="chat message-error">Battle timer is ON: inactive players will automatically lose when time's up. (requested by Blastfury0614)</div><div class="chat message-error">Battle timer is now OFF.</div><div class="spacer battle-history"><br></div><div class="battle-history">Battle started between TestBoi06145 and Blastfury0614!<br></div><div class="spacer battle-history"><br></div><div class="battle-history">TestBoi06145 sent out <strong>Orthworm</strong>!<br></div><div class="spacer battle-history"><br></div><div class="battle-history">Go! <strong>Torkoal</strong>!<br></div><div class="spacer battle-history"><br></div><h2 class="battle-history">Turn 1</h2><div class="spacer battle-history"><br></div><div class="battle-history">The opposing Orthworm used <strong>Stealth Rock</strong>!<br></div><div class="battle-history"><small>Pointed stones float in the air around your team!</small><br></div><div class="spacer battle-history"><br></div><div class="battle-history">Torkoal used <strong>Rapid Spin</strong>!<br></div><div class="battle-history"><small>It's not very effective...</small><br></div><div class="battle-history"><small>(The opposing Orthworm lost 1% of its health!)</small><br></div><div class="battle-history"><small>The pointed stones disappeared from around your team!</small><br></div><div class="spacer battle-history"><br></div><h2 class="battle-history">Turn 2</h2><div class="spacer battle-history"><br></div><div class="battle-history">The opposing Orthworm used <strong>Shed Tail</strong>!<br></div><div class="battle-history"><small>The opposing Orthworm put in a substitute!</small><br></div><div class="battle-history"><small>(The opposing Orthworm lost 50% of its health!)</small><br></div><div class="spacer battle-history"><br></div><div class="battle-history">TestBoi06145 sent out <strong>Latias</strong>!<br></div><div class="spacer battle-history"><br></div><div class="battle-history">Torkoal used <strong>Amnesia</strong>!<br></div><div class="battle-history"><small>Torkoal's Sp. Atk rose sharply!</small><br></div><div class="battle-history"><small>Torkoal's Sp. Def rose sharply!</small><br></div><div class="spacer battle-history"><br></div><h2 class="battle-history">Turn 3</h2><div class="spacer battle-history"><br></div><div class="battle-history">Torkoal, come back!<br></div><div class="battle-history">Go! <strong>Gyarados</strong>!<br></div><div class="spacer battle-history"><br></div><div class="battle-history">The opposing Latias used <strong>Defog</strong>!<br></div><div class="battle-history"><small>Gyarados's evasiveness fell!</small><br></div><div class="spacer battle-history"><br></div><h2 class="battle-history">Turn 4</h2><div class="spacer battle-history"><br></div><div class="battle-history">The opposing Latias used <strong>Dragon Claw</strong>!<br></div><div class="battle-history"><small>(Gyarados lost <abbr title="−157/330">47.6%</abbr> of its health!)</small><br></div><div class="spacer battle-history"><br></div><div class="battle-history">Gyarados used <strong>Dragon Dance</strong>!<br></div><div class="battle-history"><small>Gyarados's Attack rose!</small><br></div><div class="battle-history"><small>Gyarados's Speed rose!</small><br></div><div class="spacer battle-history"><br></div><h2 class="battle-history">Turn 5</h2><div class="spacer battle-history"><br></div><div class="battle-history">Gyarados used <strong>Hidden Power</strong>!<br></div><div class="spacer battle-history"><br></div><div class="battle-history">The opposing Latias used <strong>Recover</strong>!<br></div><div class="battle-history"><small>But it failed!</small><br></div><div class="spacer battle-history"><br></div><h2 class="battle-history">Turn 6</h2><div class="spacer battle-history"><br></div><div class="battle-history">TestBoi06145 withdrew Latias!<br></div><div class="battle-history">TestBoi06145 sent out <strong>Chansey</strong>!<br></div><div class="spacer battle-history"><br></div><div class="battle-history">Gyarados used <strong>Hidden Power</strong>!<br></div><div class="spacer battle-history"><br></div><h2 class="battle-history">Turn 7</h2><div class="chat chatmessage-testboi06145"><strong style="color:#738d25"><small>☆</small><span class="username" data-name="TestBoi06145">TestBoi06145</span>:</strong> <em>wtf</em></div><div class="chat chatmessage-blastfury0614 mine"><strong style="color:#896c2f"><small>☆</small><span class="username" data-name="Blastfury0614">Blastfury0614</span>:</strong> <em>lmaooooo</em></div><div class="spacer battle-history"><br></div><div class="battle-history">Gyarados used <strong>Hidden Power</strong>!<br></div><div class="spacer battle-history"><br></div><div class="battle-history">The opposing Chansey used <strong>Calm Mind</strong>!<br></div><div class="battle-history"><small>The opposing Chansey's Sp. Atk rose!</small><br></div><div class="battle-history"><small>The opposing Chansey's Sp. Def rose!</small><br></div><div class="spacer battle-history"><br></div><h2 class="battle-history">Turn 8</h2><div class="spacer battle-history"><br></div><div class="battle-history">Gyarados used <strong>Aqua Tail</strong>!<br></div><div class="battle-history"><small>(The opposing Chansey lost 100% of its health!)</small><br></div><div class="spacer battle-history"><br></div><div class="battle-history">The opposing Chansey fainted!<br></div><div class="battle-history">[Gyarados's Moxie]<br></div><div class="battle-history"><small>Gyarados's Attack rose!</small><br></div><div class="spacer battle-history"><br></div><div class="battle-history">TestBoi06145 sent out <strong>Scream Tail</strong>!<br></div><div class="spacer battle-history"><br></div><h2 class="battle-history">Turn 9</h2><div class="spacer battle-history"><br></div><div class="battle-history">Gyarados used <strong>Hidden Power</strong>!<br></div><div class="spacer battle-history"><br></div><div class="battle-history">The opposing Scream Tail used <strong>Blizzard</strong>!<br></div><div class="battle-history"><small>A critical hit!</small><br></div><div class="battle-history"><small>(Gyarados lost <abbr title="−135/330">40.9%</abbr> of its health!)</small><br></div><div class="spacer battle-history"><br></div><h2 class="battle-history">Turn 10</h2><div class="spacer battle-history"><br></div><div class="battle-history">Gyarados used <strong>Hidden Power</strong>!<br></div><div class="spacer battle-history"><br></div><div class="battle-history">The opposing Scream Tail used <strong>Dazzling Gleam</strong>!<br></div><div class="battle-history"><small>(Gyarados lost <abbr title="−38/330">11.5%</abbr> of its health!)</small><br></div><div class="spacer battle-history"><br></div><div class="battle-history">Gyarados fainted!<br></div><div class="spacer battle-history"><br></div><div class="battle-history">Go! <strong>Cloyster</strong>!<br></div><div class="spacer battle-history"><br></div><h2 class="battle-history">Turn 11</h2><div class="spacer battle-history"><br></div><div class="battle-history">TestBoi06145 withdrew Scream Tail!<br></div><div class="battle-history">TestBoi06145 sent out <strong>Weavile</strong>!<br></div><div class="battle-history">[The opposing Weavile's Pressure]<br><small>The opposing Weavile is exerting its pressure!</small><br></div><div class="spacer battle-history"><br></div><div class="battle-history">Cloyster used <strong>Hidden Power</strong>!<br></div><div class="spacer battle-history"><br></div><h2 class="battle-history">Turn 12</h2><div class="spacer battle-history"><br></div><div class="battle-history">The opposing Weavile used <strong>Knock Off</strong>!<br></div><div class="battle-history"><small>(Cloyster lost <abbr title="−15/241">6.2%</abbr> of its health!)</small><br></div><div class="battle-history"><small>The opposing Weavile knocked off Cloyster's White Herb!</small><br></div><div class="spacer battle-history"><br></div><div class="battle-history">Cloyster used <strong>Shell Smash</strong>!<br></div><div class="battle-history"><small>Cloyster's Defense fell!</small><br></div><div class="battle-history"><small>Cloyster's Sp. Def fell!</small><br></div><div class="battle-history"><small>Cloyster's Attack rose sharply!</small><br></div><div class="battle-history"><small>Cloyster's Sp. Atk rose sharply!</small><br></div><div class="battle-history"><small>Cloyster's Speed rose sharply!</small><br></div><div class="spacer battle-history"><br></div><h2 class="battle-history">Turn 13</h2><div class="chat"><div class="broadcast-red"><b>The server needs to restart because of a crash.</b><br>No new battles can be started until the server is done restarting.</div></div><div class="chat message-error">Battle timer is ON: inactive players will automatically lose when time's up.</div><div class="chat"><div class="broadcast-red"><b>Moderated chat was set to +!</b><br>Only users of rank + and higher can talk.</div></div><div class="chat"><div class="broadcast-red"><b>The battle crashed</b><br>Don't worry, we're working on fixing it.</div></div><div class="chat message-error">[Invalid choice] Sorry, too late to cancel; the next turn has already started</div><div class="spacer battle-history"><br></div><div class="battle-history"><small>TestBoi06145 forfeited.</small><br></div><div class="spacer battle-history"><br></div><div class="battle-history"><strong>Blastfury0614</strong> won the battle!<br></div><div class="chat"><small>☆TestBoi06145 left</small></div></div><div class="inner-preempt message-log"></div></div></div>
</div>
<script>
let daily = Math.floor(Date.now()/1000/60/60/24);document.write('<script src="https://play.pokemonshowdown.com/js/replay-embed.js?version'+daily+'"></'+'script>');
</script>
